%!TEX root=../main.tex

@misc{ref:invenio,
  author       = "{The Invenio Collaboration}",
  title        = "Invenio",
  howpublished = "\url{http://invenio-software.org}"
}

@manual{ref:oai,
  title        = "{The Open Archives Initiative Protocol for Metadata Harvesting}",
  author       = "{The Open Access Initiative Executive}",
  edition      = "{2008-12-07T20:42:00Z}",
  month        = "July",
  year         = "2008",
  note         = "Electronic record available at \url{http://www.openarchives.org/OAI/openarchivesprotocol.html}"
}

@misc{ref:marc,
  author       = "{Library of Congress, Network Development and MARC Standards Office}",
  title        = "{MARC 21 Format for Bibliographic Data}",
  howpublished = "\url{http://www.loc.gov/marc/bibliographic/}"
}

@misc(ref:atlas,
  title        = "{The ATLAS Collaboration}",
  author       = "{The European Organisation for Nuclear Research (CERN)}",
  howpublished = "\url{http://home.web.cern.ch/about/experiments/atlas}"
}

@misc{ref:cds,
  title        = "{The CERN Document Server (CDS)}",
  author       = "{The European Organisation for Nuclear Research (CERN)}",
  howpublished = "\url{http://cds.cern.ch}"
}

@masterthesis{ref:ludmilathesis,
  author       = "Marian, Ludmila",
  title        = "{Ranking Scientific Publications Based on Their Citation Graph}",
  school       = "\'{E}cole Polytechnique F\'{e}d\'{e}rale de Lausanne",
  year         = "2009",
  month        = "April",
  note         = "Electronic record available at \url{http://cds.cern.ch/record/1172366}"
}

@article{ref:annette,
  author      = "Gentil-Beccot, Anne and Mele, Salvatore and Holtkamp, Annette and O'Connell, Heath B and Brooks, Travis C",
  title       = "{Information Resources in High-Energy Physics: Surveying the Present Landscape and Charting the Future Course}",
  journal     = "Journal of the American Sociecty for Information Science and Technology",
  volume      = "60",
  number      = "arXiv:0804.2701. CERN-OPEN-2008-010. DESY-08-040. DESY-2008-040. FERMILAB-PUB-08-077-BSS. SLAC-PUB-13199. 1",
  pages       = "150-160. 27 p",
  year        = "2008",
  month       = "April",
  note        = "Electronic record available at \url{http://cds.cern.ch/record/1099955}
}

@article{ref:lemeur,
  author      = "Pepe, Alberto and Baron, Thomas and Gracco, Maja and Le Meur, Jean-Yves and Robinson, Nicholas and Simko, Tibor and Vesely, Martin",
  title       = "{CERN Document Server Software: the integrated digital library}",
  number      = "CERN-OPEN-2005-018",
  pages       = "6",
  month       = "April",
  year        = "2005",
  note        = "Electronic record available at \url{http://cds.cern.ch/record/853565}
}

@misc{ref:ludmila,
  author       = "Marian, Ludmila",
  title        = "{The Workflow of LHC Papers}",
  month        = "May",
  year         = "2012",
  howpublished = "Computing in High Energy and Nuclear Physics (CHEP)",
  note         = "Electronic record available at \url{https://cds.cern.ch/record/1460578}"
}

@misc{ref:disqus,
  author       = "{Disqus, Inc.}",
  title        = "Disqus",
  howpublished = "\url{http://disqus.com}
}

@misc{ref:cked,
    author    = "Knabben, Frederico ",
    title     = "{CKEditor}",
    howpublished = "\url{http://ckeditor.com}"
}

@misc{ref:annotator,
    author    = "{Open Knowledge Foundation}",
    title     = "Annotator",
    howpublished = "\url{http://okfn.org/projects/annotator}"
}

@misc{ref:elasearch,
    author    = "{Elasticsearch BV}",
    title     = "Elasticsearch",
    howpublished = "\url{http://elasticsearch.org}"
}

@misc{ref:pundit,
  author       = "Fonda, Simone and Di Donato, Francesca and Piccioli Alessio and Morbidoni Christian",
  title        = "{Pundit: Augment Digital Libraries contents with semantically structured annotations}",
  month        = "June",
  year         = "2013",
  howpublished = "The CERN Workshop on Innovations in Scholarly Communication (OAI8)",
  note         = "Electronic record available at \url{https://indico.cern.ch/event/211600/session/7/contribution/36}
}
